@online{nba,
	title = {National Basketball Association},
	author = {\url{https://es.wikipedia.org/wiki/National_Basketball_Association}},
}

@online{basket_ref,
	title = {Basketball Reference},
	author = {\url{https://www.basketball-reference.com}},
}

@online{python,
	title = {Python Software Fundation},
	author = {\url{https://www.python.org/}},
}

@online{sqlite,
	title = {SQLite},
	author = {\url{https://www.sqlite.org/index.html}},
}

@online{web_scraping,
	title = {Web Scraping},
	author = {\url{https://es.wikipedia.org/wiki/Web_scraping}},
}

@online{Beautiful_Soup,
	title = {Beautiful Soup},
	author = {\url{https://www.crummy.com/software/BeautifulSoup/bs4/doc/}},
}

@online{dataframe,
	title = {Pandas dataframe},
	author = {\url{https://pandas.pydata.org/pandas-docs/stable/reference/api/pandas.DataFrame.html}},
}

@online{web_scraping_nba,
	title = {Web Scraping nba stats},
	author = {\url{https://towardsdatascience.com/web-scraping-nba-stats-4b4f8c525994}},
}

@online{players_data,
	title = {Player stats},
	author = {\url{https://www.basketball-reference.com/leagues/NBA_2019_totals.html}},
}

@online{rookies_data,
	title = {Rookies stats},
	author = {\url{https://www.basketball-reference.com/leagues/NBA_2019_rookies-season-stats.html}},
}

@online{pandas,
	title = {Pandas},
	author = {\url{https://pandas.pydata.org/}},
}

@online{estrella,
	title = {Esquema en estrella},
	author = {\url{https://es.wikipedia.org/wiki/Esquema_en_estrella}},
}











